<?xml version="1.0" encoding="UTF-8"?><collection xmlns="http://www.loc.gov/MARC21/slim"><record><leader>00590nam--2200193-i-4500</leader><controlfield tag="001">000019508</controlfield><controlfield tag="002">20161230</controlfield><controlfield tag="005">20161230201033</controlfield><controlfield tag="008">060222s1000------------r-----000-0-fre-d</controlfield><datafield ind1=" " ind2=" " tag="040"><subfield code="a">IFIN-HH</subfield></datafield><datafield ind1=" " ind2=" " tag="041"><subfield code="a">fre</subfield></datafield><datafield ind1=" " ind2=" " tag="080"><subfield code="a">539.373(043)</subfield></datafield><datafield ind1="1" ind2=" " tag="100"><subfield code="a">Fantozzi, G</subfield></datafield><datafield ind1="1" ind2="0" tag="245"><subfield code="a">Frottement interieur et anomalie de module de l`aluminium irradie et deforme a basse temperature</subfield><subfield code="b">These</subfield><subfield code="c">G. fantozzi, f. fouquet, p.f. gobin</subfield></datafield><datafield ind1=" " ind2=" " tag="260"><subfield code="a">Lyon</subfield><subfield code="b">Universite Claude Bernard De Lyon</subfield><subfield code="c">1971</subfield></datafield><datafield ind1=" " ind2=" " tag="300"><subfield code="a">/642-652P.</subfield></datafield><datafield ind1="1" ind2=" " tag="700"><subfield code="a">Gobin, P.F</subfield></datafield><datafield ind1=" " ind2=" " tag="852"><subfield code="a">40371</subfield><subfield code="c">539.3</subfield></datafield><datafield ind1=" " ind2=" " tag="CAT"><subfield code="a">Sys</subfield><subfield code="c">20130121</subfield><subfield code="h">133430</subfield></datafield></record></collection>